<?xml version="1.0" encoding="UTF-8"?><collection xmlns="http://www.loc.gov/MARC21/slim"><record><leader>00590nam--2200193-u-4500</leader><controlfield tag="001">000056926</controlfield><controlfield tag="002">20200917</controlfield><controlfield tag="005">20200917032826</controlfield><controlfield tag="008">200917s1000------------r-----000-0-eng-d</controlfield><datafield ind1=" " ind2=" " tag="040"><subfield code="a">IFIN-HH</subfield></datafield><datafield ind1=" " ind2=" " tag="041"><subfield code="a">eng</subfield></datafield><datafield ind1="1" ind2=" " tag="100"><subfield code="a">Prostakov, Ivan</subfield></datafield><datafield ind1="1" ind2="0" tag="245"><subfield code="a">From London to Astana: Hostory of International Exibitions. 1851-1933 Vol. 1</subfield><subfield code="c">Ivan Prostakov; Vladimir Rerih; Almzhan Akhbarov; Bob Usoroh A. P. (Eds.)</subfield></datafield><datafield ind1=" " ind2=" " tag="260"><subfield code="b">BDS</subfield><subfield code="c">2013</subfield></datafield><datafield ind1=" " ind2=" " tag="300"><subfield code="a">339 p</subfield></datafield><datafield ind1=" " ind2=" " tag="500"><subfield code="a">Donatie Acad. Nicolae Victor Zamfir</subfield></datafield><datafield ind1="1" ind2=" " tag="700"><subfield code="a">Usoroh, Bob A.P</subfield></datafield><datafield ind1=" " ind2=" " tag="852"><subfield code="a">82861</subfield><subfield code="c">NVZ</subfield></datafield><datafield ind1=" " ind2=" " tag="CAT"><subfield code="a">SYS</subfield><subfield code="c">20200917</subfield><subfield code="h">032826</subfield></datafield></record></collection>